<record><leader>00000cas a2200000 a 4500</leader><controlfield tag="001">13562280</controlfield><controlfield tag="008">860513d19061929nvudn ne      0    0eng c</controlfield><datafield ind1=" " ind2=" " tag="010"><subfield code="a">sn 86076142 </subfield></datafield><datafield ind1=" " ind2=" " tag="040"><subfield code="a">NNX</subfield><subfield code="b">eng</subfield><subfield code="c">NNX</subfield><subfield code="d">CNK</subfield><subfield code="d">OCLCQ</subfield><subfield code="d">OCLCF</subfield><subfield code="d">OCLCO</subfield></datafield><datafield ind1=" " ind2=" " tag="042"><subfield code="a">pcc</subfield></datafield><datafield ind1=" " ind2=" " tag="043"><subfield code="a">n-us-nv</subfield></datafield><datafield ind1="0" ind2="0" tag="245"><subfield code="a">Tonopah daily bonanza.</subfield></datafield><datafield ind1=" " ind2=" " tag="260"><subfield code="a">Tonopah, Nev. :</subfield><subfield code="b">W.W. Booth,</subfield><subfield code="c">1906-1929.</subfield></datafield><datafield ind1=" " ind2=" " tag="300"><subfield code="a">29 v. :</subfield><subfield code="b">ill.</subfield></datafield><datafield ind1=" " ind2=" " tag="310"><subfield code="a">Daily (except Mon.)</subfield></datafield><datafield ind1="0" ind2=" " tag="362"><subfield code="a">Vol. 1, no. 1 (Oct. 24, 1906)-v. 29, no. 130 (Nov. 16, 1929).</subfield></datafield><datafield ind1=" " ind2=" " tag="500"><subfield code="a">Publisher: Oct. 24, 1906-Jan. 25, 1911, W.W. Booth; Jan. 26, 1911-Nov. 16, 1929, Tonopah Bonanza Print. Co. Inc.</subfield></datafield><datafield ind1=" " ind2=" " tag="500"><subfield code="a">"Republican."</subfield></datafield><datafield ind1=" " ind2=" " tag="515"><subfield code="a">Frequent misnumbering.</subfield></datafield><datafield ind1=" " ind2=" " tag="580"><subfield code="a">Weekly edition: Tonopah bonanza.</subfield></datafield><datafield ind1=" " ind2="0" tag="650"><subfield code="a">Mines and mineral resources</subfield><subfield code="z">Nevada</subfield><subfield code="v">Newspapers.</subfield></datafield><datafield ind1=" " ind2="7" tag="655"><subfield code="a">Newspapers.</subfield><subfield code="2">fast</subfield><subfield code="0">(OCoLC)fst01423814</subfield></datafield><datafield ind1=" " ind2="7" tag="650"><subfield code="a">Mines and mineral resources.</subfield><subfield code="2">fast</subfield><subfield code="0">(OCoLC)fst01022541</subfield></datafield><datafield ind1=" " ind2="7" tag="651"><subfield code="a">Nevada.</subfield><subfield code="2">fast</subfield><subfield code="0">(OCoLC)fst01205660</subfield></datafield><datafield ind1=" " ind2=" " tag="752"><subfield code="a">United States</subfield><subfield code="b">Nevada</subfield><subfield code="c">Nye</subfield><subfield code="d">Tonopah.</subfield></datafield><datafield ind1="1" ind2=" " tag="775"><subfield code="t">Tonopah bonanza</subfield><subfield code="w">(DLC)sn 86076135</subfield></datafield><datafield ind1="0" ind2="7" tag="785"><subfield code="t">Tonopah daily times</subfield><subfield code="w">(DLC)sn 86076159</subfield><subfield code="w">(OCoLC)13621165</subfield></datafield><datafield ind1="0" ind2="7" tag="785"><subfield code="t">Tonopah daily times and bonanza</subfield><subfield code="w">(DLC)sn 86076158</subfield><subfield code="w">(OCoLC)13621268</subfield></datafield></record>